@book{Greenewalt46,
    author = {Greenewalt, Mary H.},
    publisher = {Philadelphia. Pa. Westbrook},
    title = {Nourathar, the Fine Art of Light Color Playing},
    year = {1946}
}
@article{Schwitters32,
    author = {Schwitters, Kurt},
    journal = {Merz},
    publisher = {Merz},
    title = {Ursonate},
    volume = {24},
    year = {1932}
}
@article{Miller56,
    author = {Miller, G. A.},
    issn = {0033-295X},
    journal = {Psychological review},
    number = {2},
    pages = {81--97},
    title = {The magical number seven plus or minus two: some limits on our capacity for processing information.},
    volume = {63},
    year = {1956}
}

