@phdthesis{thesisFelienne,
  author       = {Felienne Hermans}, 
  title        = {Analyzing and Visualizing Spreadsheets},
  school       = {Delft University of Technology},
  year         = 2013,
  month        = 1,
}

@article{Wins2001,
title = "Executive Education Opportunities",
journal = "OR/MS Today",
number = "4",
volume = "28",
year = "2001",
author = "W.L. Winston",
publisher = "Lionheart Publishing"
}

@article{Pank2006,
title = "Facing the Problem of Spreadsheet Errors",
journal = "Decision Line",
number = "5",
year = "2006",
volume = "37",
author = "R. Panko",
publisher = "Decision Sciences Institute"
}

@inproceedings{Jone2003,
 author = {Jones, Simon Peyton and Blackwell, Alan and Burnett, Margaret},
 title = {A User-centred Approach to Functions in Excel},
 booktitle = {In Proceedings of the Eighth ACM SIGPLAN International Conference on Functional Programming},
 series = {ICFP '03},
 year = {2003},
 isbn = {1-58113-756-7},
 location = {Uppsala, Sweden},
 pages = {165--176},
 numpages = {12},
 url = {http://doi.acm.org/10.1145/944705.944721},
 doi = {10.1145/944705.944721},
 acmid = {944721},
 publisher = {ACM},
 address = {New York, NY, USA},
} 

@INPROCEEDINGS{Abra2005,
    author = {Robin Abraham and Martin Erwig and Steve Kollmansberger and Ethan Seifert},
    title = {Visual Specifications of Correct Spreadsheets},
    booktitle = {Proc. of  VL/HCC '05},
    year = {2005},
    pages = {189--196},
    publisher = {IEEE Computer Society}
}

@inproceedings{Beckw2011,
    Author = {Laura Beckwith and J{\'a}come Cunha and Jo{\~a}o Paulo Fernandes and Jo{\~a}o Saraiva},
    Booktitle = {Proc. of the EuSpRIG '11},
    Month = {July},
    Pages = {87-100},
    Title = {An Empirical Study on End-users Productivity Using Model-based Spreadsheets},
    Year = {2011}
}


@inproceedings{Cunh2009,
  author    = {J{\'a}come Cunha and
               Jo{\~a}o Saraiva and
               Joost Visser},
  title     = {Discovery-based edit assistance for spreadsheets},
  booktitle = {Proc. of VL/HCC '09},
  year      = {2009},
  pages     = {233-237},
  bibsource = {DBLP, http://dblp.uni-trier.de}
}

@inproceedings{Malo95,
  added-at = {2002-12-16T00:00:00.000+0100},
  author = {Maloney, John H. and Smith, Randall B.},
  biburl = {http://www.bibsonomy.org/bibtex/249e7475d4b03440680dd08c4bb734601/dblp},
  booktitle = {ACM Symposium on User Interface Software and Technology},
  date = {2002-12-16},
  description = {dblp},
  ee = {http://doi.acm.org/10.1145/215585.215636},
  interhash = {cb1e4ddd2048212a9f3f0f1b6a449214},
  intrahash = {49e7475d4b03440680dd08c4bb734601},
  keywords = {dblp},
  pages = {21-28},
  timestamp = {2002-12-16T00:00:00.000+0100},
  title = {Directness and Liveness in the Morphic User Interface Construction Environment.},
  url = {http://dblp.uni-trier.de/db/conf/uist/uist1995.html#MaloneyS95},
  year = 1995
}




